@phdthesis{norell07,
    author = "Norell, Ulf",
    title = "Towards a practical programming language based on dependent type theory",
    school = "Chalmers University of Technology",
    year = "2007",
    month = sep,
}

@article{brady13,
  author = "Brady, Edwin",
  title = "Idris, a general-purpose dependently typed programming language: Design and implementation",
  journal = "Journal of Functional Programming",
  volume = "23",
  issue = "05",
  month = sep,
  year = "2013",
  issn = "1469-7653",
  pages = "552--593",
  numpages = "42",
  doi = "10.1017/S095679681300018X",
  URL = "http://journals.cambridge.org/article_S095679681300018X",
}

@article{loeh10,
    author = "L{\"o}h, Andres and McBride, Conor and Swierstra, Wouter",
    year = "2010",
    month = jan,
    pages = "177-207",
    title = "A Tutorial Implementation of a Dependently Typed Lambda Calculus",
    volume = "102",
    journal = "Fundam. Inform.",
    doi = "10.3233/FI-2010-304",
}

@incollection{aspinall04,
    author = "Aspinall, David and Hofmann, Martin",
    title = "Dependent Types",
	booktitle = "Advanced Topics in Types and Programming Languages",
	publisher = "The MIT Press",
	editor = "Pierce, Benjamin C.",
	chapter = "2",
	pages = "45-86",
    year = "2004",
}

@InProceedings{hurkens95,
    author="Hurkens, Antonius J. C.",
    editor="Dezani-Ciancaglini, Mariangiola and Plotkin, Gordon",
    title="A simplification of Girard's paradox",
    booktitle="Typed Lambda Calculi and Applications",
    year="1995",
    publisher="Springer Berlin Heidelberg",
    address="Berlin, Heidelberg",
    pages="266--278",
    isbn="978-3-540-49178-1"
}


@article{streicher93,
    author = "Streicher, Thomas",
    year = "1993",
    month = nov,
    journal={Habilitiation Thesis, Ludwig-Maximilians-Universit{\"a}t},
    title = {Investigations into intensional type theory}
}

@article{howard80,
  title={The formulae-as-types notion of construction},
  author={Howard, William A},
  journal={To H. B. Curry: essays on combinatory logic, lambda calculus and formalism},
  volume={44},
  pages={479--490},
  year={1980}
}

@misc{nlabid,
  author = {{nLab authors}},
  title = {identity type},
  howpublished = {\url{http://ncatlab.org/nlab/show/identity%20type}},
  note = {\href{http://ncatlab.org/nlab/revision/identity%20type/42}{Revision 42}},
  month = may,
  year = 2019
}

@book{pierce02,
    author = "Pierce, Benjamin C.",
    title = "Types and Programming Languages",
    publisher = "The MIT Press",
    year = "2002",
}

@incollection{pierce18,
    author = {Benjamin C. Pierce and Arthur Azevedo de Amorim and Chris Casinghino and Marco Gaboardi and Michael Greenberg and C\v{a}t\v{a}lin Hri\c{t}cu and Vilhelm Sj\"{o}berg and Brent Yorgey},
	title = "Logic",
	booktitle = "Logical Foundations",
    series = "Software Foundations",
    volume = 1,
    month = may,
    year = "2018",
	publisher = "Electronic textbook",
    ebook = "http://www.cis.upenn.edu/~bcpierce/sf",
    note = "Version 5.0.",
}

@phdthesis{girard72,
  title={Interpr{\'e}tation fonctionelle et {\'e}limination des coupures de l’arithm{\'e}tique d’ordre sup{\'e}rieur},
  author="Girard, Jean-Yves",
  year="1972",
  school="Universit{\'e} Paris VII"
}

@inproceedings{pierce98,
    author = "Pierce, Benjamin C. and Turner, David N.",
    title = "Local Type Inference",
    booktitle = "Proceedings of the 25th ACM SIGPLAN-SIGACT Symposium on Principles of Programming Languages",
    series = "POPL '98",
    year = "1998",
    isbn = {0-89791-979-3},
    location = {San Diego, California, USA},
    pages = {252--265},
    numpages = {14},
    url = {http://doi.acm.org/10.1145/268946.268967},
    doi = {10.1145/268946.268967},
    acmid = {268967},
    publisher = {ACM},
    address = {New York, NY, USA},
}

@inproceedings{gilles93,
    author="Dowek, Gilles",
    editor="Bezem, Marc and Groote, Jan Friso",
    title="The undecidability of typability in the Lambda-Pi-calculus",
    booktitle="Typed Lambda Calculi and Applications",
    year="1993",
    publisher="Springer Berlin Heidelberg",
    address="Berlin, Heidelberg",
    pages="139--145",
    isbn="978-3-540-47586-6"
}


@misc{christiansen13,
  title={Bidirectional Typing Rules: A Tutorial},
  author={Christiansen, David Raymond},
  year={2013}
}

@article{chargueraud12,
    author="Chargu{\'e}raud, Arthur",
    title="The Locally Nameless Representation",
    journal="Journal of Automated Reasoning",
    year="2012",
    month=oct,
    day="01",
    volume="49",
    number="3",
    pages="363--408",
    issn="1573-0670",
    doi="10.1007/s10817-011-9225-2",
    url="https://doi.org/10.1007/s10817-011-9225-2"
}

@article{debruijn72,
    author = {de Bruijn, N.G.},
    year = {1972},
    month = dec,
    pages = {381-392},
    title = {Lambda Calculus Notation with Nameless Dummies, a Tool for Automatic Formula Manipulation, with Application to the Church-Rosser Theorem},
    volume = {75},
    journal = {Indagationes Mathematicae (Proceedings)},
    doi = {10.1016/1385-7258(72)90034-0}
}

@inproceedings{thorsten10,
    author = "Altenkirch, Thorsten and Anders Danielsson, Nils and L{\"o}h, Andres and Oury, Nicolas",
    year = "2010",
    month = apr,
    pages = "40-55",
    title = "{PiSigma}: Dependent Types without the Sugar.",
    volume = "6009",
    doi = "10.1007/978-3-642-12251-4_5",
}